@incollection{IATMA,
author = "Steffen Gebert and Rastin Pries and Daniel Schlosser and Klaus Heck",
editor = "Antonio Pescapè and Luca Salgarelli and Xenofontas Dimitropoulos",
title = "Internet Access Traffic Measurement and Analysis",
booktitle = "Traffic Monitoring and Analysis",
pages = "29-42",
year = "2012",
month = "March",
}

@phdthesis{BrowSim,
author = "Erik Hirner",
title = "Web browsing simulator for needs safety exercise",
year = "2018",
month = "January",
}

@article{Yoshka,
author = "Samir Mammadov and Dhanish Mehta and Evan Stoner and Marco M. Carvalho",
title = "High Fidelity Adaptive Cyber Emulation",
year = "2017",
}

@article{BT1,
author = "Bjoern Knafla",
title = "Introduction to Behavior Trees",
year = "2011",
}

@article{BT2,
author = "Alex J. Champandard",
title = "Popular Approaches to Behavior Tree Design",
year = "2007",
}

@article{Cryton,
author = "Ivo Nutar",
title = "Automation of Complex Attack Scenarios",
year = "2018",
}

@manual{Dumpsterfire,
author = "Unknown",
title = "DumpsterFire Toolset User Manual",
year = "2017",
URL = "https://github.com/TryCatchHCF/DumpsterFire/tree/master/FireModules",
}

@manual{AutoTTP,
author = "Unknown",
title = "AutoTTP User Manual",
year = "2018",
URL = "https://github.com/jymcheong/AutoTTP",
}

@manual{osBrain,
author = "{Open Sistemas de Información Internet S.L.}",
title = "osBrain User Manual",
year = "2019",
URL = "https://osbrain.readthedocs.io/en/stable/about.html",
}

@manual{APScheduler,
author = "Alex Grönholm",
title = "APScheduler User Manual",
year = "2019",
URL = "https://apscheduler.readthedocs.io/en/latest/",
}




